%%%%%%%%%%%%%%%%%%%%%%%%%%%
%%% Neural Field Models %%%
%%%%%%%%%%%%%%%%%%%%%%%%%%%
%
%% Wilson and Cowan 1973
@Article{WilsonCowan1973,
   author = {Wilson, H. R. and Cowan, J. D.},
   title = {A mathematical theory of the functional dynamics of cortical and thalamic nervous tissue},
   journal = {Biological Cybernetics},
   publisher = {Springer Berlin / Heidelberg},
   issn = {0340-1200},
   keyword = {Computer Science},
   pages = {55-80},
   volume = {13},
   issue = {2},
   doi = {10.1007/BF00288786},
   year = {1973}
}
%
%% Lopes da Silva et al. 1974
@Article{LopesdaSilva1974,
   author = {Lopes da Silva, F. H. and Hoeks, A. and Smits, H. and Zetterberg, L. H.},
   title = {Model of brain rhythmic activity},
   journal = {Biological Cybernetics},
   publisher = {Springer Berlin / Heidelberg},
   issn = {0340-1200},
   keyword = {Computer Science},
   pages = {27-37},
   volume = {15},
   issue = {1},
   doi = {10.1007/BF00270757},
   year = {1974}
}
%
%%Nunez 1974
@Article{Nunez1974,
    title = "The brain wave equation: a model for the EEG",
    journal = "Mathematical Biosciences",
    volume = "21",
    number = "3-4",
    pages = "279 - 297",
    year = "1974",
    note = "",
    issn = "0025-5564",
    doi = "10.1016/0025-5564(74)90020-0",
    author = "Paul L. Nunez"
}
%
%%
@Article{VanOosteromStrackee1983,
  title={{The solid angle of a plane triangle}},
  author={Van Oosterom, A. and Strackee, J.},
  journal={Biomedical Engineering, IEEE Transactions on},
  number={2},
  pages={125--126},
  issn={0018-9294},
  year={1983},
  doi={10.1109/TBME.1983.325207}
}
%
%% Jirsa & Haken 1996
@Article{JirsaHaken1996,
  title = {Field Theory of Electromagnetic Brain Activity},
  author = {Jirsa, V. K. and Haken, H. },
  journal = {Phys. Rev. Lett.},
  volume = {77},
  number = {5},
  pages = {960--963},
  numpages = {3},
  year = {1996},
  month = {Jul},
  doi = {10.1103/PhysRevLett.77.960},
  publisher = {American Physical Society}
}
%
%% Robinson, Rennie, Wright 1997 
@Article{RRW1997,
  title = {Propagation and stability of waves of electrical activity in the cerebral cortex},
  author = {Robinson, P. A. and Rennie, C. J. and Wright, J. J.},
  journal = {Phys. Rev. E},
  volume = {56},
  number = {1},
  pages = {826--840},
  numpages = {14},
  year = {1997},
  month = {Jul},
  doi = {10.1103/PhysRevE.56.826},
  publisher = {American Physical Society}
}
%
%% Wright and Liley 1995
@Article{WrightLiley1995,
   author = {Wright, J. and Liley, D.},
   affiliation = {Swinburne University of Technology Mental Health Research Institute and Swinburne Center for Applied Neuroscience Melbourne Australia Melbourne Australia},
   title = {Simulation of electrocortical waves},
   journal = {Biological Cybernetics},
   publisher = {Springer Berlin / Heidelberg},
   issn = {0340-1200},
   keyword = {Computer Science},
   pages = {347-356},
   volume = {72},
   issue = {4},
   doi = {10.1007/BF00202790},
   year = {1995}
}
%
%% Wright and Liley 1996
@Article{WrightLiley1996,
   author = {Wright,J. J. and Liley,D. T. J.},
   title = {Dynamics of the brain at global and microscopic scales: Neural networks and the EEG},
   journal = {Behavioral and Brain Sciences},
   volume = {19},
   number = {02},
   pages = {285-295},
   year = {1996},
   doi = {10.1017/S0140525X00042679},
}
%
%% Roberts and Robinson 2008
@Article{RobertsRobinson2008Delay,
  title = {Modeling distributed axonal delays in mean-field brain dynamics},
  author = {Roberts, J. A. and Robinson, P. A.},
  journal = {Phys. Rev. E},
  volume = {78},
  number = {5},
  pages = {051901},
  numpages = {8},
  year = {2008},
  month = {Nov},
  doi = {10.1103/PhysRevE.78.051901},
  publisher = {American Physical Society}
}
%
%% 
@Article{stefanescu2008,
  title={{A low dimensional description of globally coupled heterogeneous neural networks of excitatory and inhibitory neurons}},
  author={Stefanescu, R.A. and Jirsa, V.K.},
  journal={PLoS Computational Biology},
  volume={4},
  number={11},
  pages={26--36},
  issn={1553-734X},
  year={2008},
  publisher={Public Library of Science San Francisco, USA}
}
%
%
%%%%%%%%%%%%%%%%%%%%%%%%%%%%%%%
%%% Long-Range Connectivity %%%
%%%%%%%%%%%%%%%%%%%%%%%%%%%%%%%
%
%%
@Article{morietal2002,
  title={{Fiber tracking: principles and strategies--a technical review}},
  author={Mori, S. and van Zijl, P.},
  journal={NMR in Biomedicine},
  volume={15},
  number={7-8},
  pages={468--480},
  issn={1099-1492},
  year={2002},
  publisher={Wiley Online Library}
}
%
%%
@Article{wakanaetal2004,
  title={{Fiber Tract--based Atlas of Human White Matter Anatomy1}},
  author={Wakana, S. and Jiang, H. and Nagae-Poetscher, L.M. and van Zijl, P. and Mori, S.},
  journal={Radiology},
  volume={230},
  number={1},
  pages={77},
  issn={0033-8419},
  year={2004},
  publisher={Radiological Society of North America}
}
%
%%
@Article{kotter2004,
  title={{Online retrieval, processing, and visualization of primate connectivity data from the CoCoMac database}},
  author={K{\\"o}tter, R.},
  journal={Neuroinformatics},
  volume={2},
  number={2},
  pages={127--144},
  issn={1539-2791},
  year={2004},
  publisher={Springer}
}
%
%%
@Article{hagmannetal2008,
  title={{Mapping the structural core of human cerebral cortex}},
  author={Hagmann, P. and Cammoun, L. and Gigandet, X. and Meuli, R. and Honey, C.J. and Wedeen, V.J. and Sporns, O.},
  journal={PLoS Biol},
  volume={6},
  number={7},
  pages={e159},
  year={2008}
}
%
%
%%%%%%%%%%%%%%%%%%%%%%%%%%%%%%%%%%%
%%% Large Scale Brain Modelling %%%
%%%%%%%%%%%%%%%%%%%%%%%%%%%%%%%%%%%
%
%%
@Article{honeyetal2007network,
  title={{Network structure of cerebral cortex shapes functional connectivity on multiple time scales}},
  author={Honey, C.J. and K{\\"o}tter, R. and Breakspear, M. and Sporns, O.},
  journal={Proceedings of the National Academy of Sciences},
  volume={104},
  number={24},
  pages={10240},
  year={2007},
  publisher={National Acad Sciences}
}
%
%%
@Article{izhikevichedelman2008,
  title={{Large-scale model of mammalian thalamocortical systems}},
  author={Izhikevich, E.M. and Edelman, G.M.},
  journal={Proceedings of the national academy of sciences},
  volume={105},
  number={9},
  pages={3593},
  year={2008},
  publisher={National Acad Sciences}
}
%
%%
@Article{ghoshetal2008noise,
  title={{Noise during rest enables the exploration of the brain's dynamic repertoire}},
  author={Ghosh, A. and Rho, Y. and McIntosh, AR and K{\\"o}tter, R. and Jirsa, VK},
  journal={PLoS Comput Biol},
  volume={4},
  number={10},
  pages={e1000196},
  year={2008}
}
%
%
%%%%%%%%%%%%%%%%%%%%%%%%%%
%%% Epilepsy Modelling %%%
%%%%%%%%%%%%%%%%%%%%%%%%%%
%
%%
@Article{breakspear2006unifying,
  title={{A unifying explanation of primary generalized seizures through nonlinear brain modeling and bifurcation analysis}},
  author={Breakspear, M. and Roberts, JA and Terry, J.R. and Rodrigues, S. and Mahant, N. and Robinson, PA},
  journal={Cerebral Cortex},
  volume={16},
  number={9},
  pages={1296},
  issn={1047-3211},
  year={2006},
  publisher={Oxford Univ Press}
}
%
%%
@Article{RobertsRobinson2008Epilepsy,
  title={{Modeling absence seizure dynamics: Implications for basic mechanisms and measurement of thalamocortical and corticothalamic latencies}},
  author={Roberts, J.A. and Robinson, P.A.},
  journal={Journal of theoretical biology},
  volume={253},
  number={1},
  pages={189--201},
  issn={0022-5193},
  year={2008},
  publisher={Elsevier}
}
%
%
%%%%%%%%%%%%%%%%%%%%%%%%%%
%%% Surface Extraction %%%
%%%%%%%%%%%%%%%%%%%%%%%%%%
%
%% FreeSurfer method
@Article{daleetal1999,
  title={{Cortical Surface-Based Analysis* 1:: I. Segmentation and Surface Reconstruction}},
  author={Dale, A.M. and Fischl, B. and Sereno, M.I.},
  journal={Neuroimage},
  volume={9},
  number={2},
  pages={179--194},
  issn={1053-8119},
  year={1999},
  publisher={Elsevier}
}
%
%% 
@Article{leeetal2006,
  title={{A novel quantitative cross-validation of different cortical surface reconstruction algorithms using MRI phantom}},
  author={Lee, J.K. and Lee, J.M. and Kim, J.S. and Kim, I.Y. and Evans, A.C. and Kim, S.I.},
  journal={Neuroimage},
  volume={31},
  number={2},
  pages={572--584},
  issn={1053-8119},
  year={2006},
  publisher={Elsevier}
}
%
%
%%%%%%%%%%%%%%%%%%%%%%%%%%%%%%%%%%%%%%%%%%%%%
%%% Mesh manipulation and Operator Papers %%%
%%%%%%%%%%%%%%%%%%%%%%%%%%%%%%%%%%%%%%%%%%%%%
%
%% 
@Article{talton2004short,
  title={{A short survey of mesh simplification algorithms}},
  author={Talton, JO},
  journal={manuscript, University of Illinois at Urbana-Champaign, Octoboer},
  year={2004}
}
%
%% Meyer etal 2003
@Article{Meyeretal2003,
   author = {Mark Meyer and Mathieu Desbrun and Peter Schr$\ddot{o}$der and Alan H. Barr},
   title = {Discrete Differential-Geometry Operators For Triangulated 2-Manifolds},
   year = {2003}
}
%
%% Glickenstein 2005
@Article{Glickenstein2005,
   author = {{Glickenstein}, D.},
    title = "{Geometric triangulations and discrete Laplacians on manifolds}",
  journal = {ArXiv Mathematics e-prints},
   eprint = {arXiv:math/0508188},
 keywords = {Metric Geometry, General Mathematics, Geometric Topology, 52B70},
     year = 2005,
    month = aug
}
%
%% Belkin etal 2008
@Inproceedings{Belkinetal2008,
 Author = {Belkin, Mikhail and Sun, Jian and Wang, Yusu},
 title = {Discrete laplace operator on meshed surfaces},
 booktitle = {Proceedings of the twenty-fourth annual symposium on Computational geometry},
 series = {SCG '08},
 year = {2008},
 isbn = {978-1-60558-071-5},
 location = {College Park, MD, USA},
 pages = {278--287},
 numpages = {10},
 doi = {10.1145/1377676.1377725},
 acmid = {1377725},
 publisher = {ACM},
 address = {New York, NY, USA},
 keywords = {approximation algorithm, laplace-beltrami operator, surfacemesh},
} 
%
%
%%%%%%%%%%%%%%%%%%%%%%%%%
%%% Forward Solutions %%%
%%%%%%%%%%%%%%%%%%%%%%%%%
%
%%
@Article{barnardetal1967,
  title={{The Application of Electromagnetic Theory to Electrocardiology:: II. Numerical Solution of the Integral Equations}},
  author={Barnard, ACL and Duck, IM and Lynn, MS and Timlake, WP},
  journal={Biophysical journal},
  volume={7},
  number={5},
  pages={463--491},
  issn={0006-3495},
  doi = {10.1016/S0006-3495(67)86599-8},
  year={1967},
  publisher={Elsevier}
}
%
%%
@Article{LynnTimlake1968,
  title={{The use of multiple deflations in the numerical solution of singular systems of equations, with applications to potential theory}},
  author={Lynn, M.S. and Timlake, W.P.},
  journal={SIAM Journal on Numerical Analysis},
  volume={5},
  number={2},
  pages={303--322},
  issn={0036-1429},
  year={1968}
}
%
%%
@Article{sarvas1987,
  title={{Basic mathematical and electromagnetic concepts of the biomagnetic inverse problem}},
  author={Sarvas, J.},
  journal={Physics in Medicine and Biology},
  volume={32},
  pages={11},
  year={1987},
  publisher={IOP Publishing}
}
%
%%
@Article{hamalainensarvas1989,
  title={{Realistic conductivity geometry model of the human head for interpretation of neuromagnetic data}},
  author={Hamalainen, M.S. and Sarvas, J.},
  journal={Biomedical Engineering, IEEE Transactions on},
  volume={36},
  number={2},
  pages={165--171},
  issn={0018-9294},
  year={1989},
  publisher={IEEE}
}
%
%%
@Article{hamalainen1992,
  title={{Magnetoencephalography: a tool for functional brain imaging}},
  author={H{\\"a}m{\\"a}l{\\"a}inen, M.S.},
  journal={Brain Topography},
  volume={5},
  number={2},
  pages={95--102},
  issn={0896-0267},
  year={1992},
  publisher={Springer}
}
%
%%
@Article{hamalainenetal1993,
  title={{Magnetoencephalography. Theory, instrumentation and applications to the noninvasive study of human brain function}},
  author={H{\\"a}m{\\"a}l{\\"a}inen, MS and Hari, R. and Ilmoniemi, R. and Knuutila, J. and Lounasmaa, O.},
  journal={Rev. Mod. Phys},
  volume={65},
  number={2},
  pages={413--497},
  year={1993}
}
%
%%
@Article{Munck1992,
  title={{A linear discretization of the volume conductor boundary integral equation using analytically integrated elements (electrophysiology application)}},
  author={De Munck, JC},
  journal={Biomedical Engineering, IEEE Transactions on},
  volume={39},
  number={9},
  pages={986--990},
  issn={0018-9294},
  year={1992},
  doi={10.1109/10.256433}
}

%
%%
@Article{fergusonetal1994,
  title={{A complete linear discretization for calculating the magnetic field using the boundary element method}},
  author={Ferguson, AS and Zhang, X. and Stroink, G.},
  journal={Biomedical Engineering, IEEE Transactions on},
  volume={41},
  number={5},
  pages={455--460},
  issn={0018-9294},
  year={1994},
  doi={10.1109/10.293220} 
}
%
%%
@Article{mosheretal1999,
  title={{EEG and MEG: Forward solutions for inverse methods}},
  author={Mosher, J.C. and Leahy, R.M. and Lewis, P.S.},
  journal={Biomedical Engineering, IEEE Transactions on},
  volume={46},
  number={3},
  pages={245--259},
  issn={0018-9294},
  year={1999},
  doi={10.1109/10.748978}
}
%
%%
@Article{srebro1996,
  title={{A modified boundary element method for the estimation of potential fields on the scalp}},
  author={Srebro, R.},
  journal={Biomedical Engineering, IEEE Transactions on},
  volume={43},
  number={6},
  pages={650--653},
  issn={0018-9294},
  year={1996},
  doi={10.1109/10.495284}
}
%
%%
@Article{Ellenriederetal2005,
  title={{MEG forward problem formulation using equivalent surface current densities}},
  author={von Ellenrieder, N. and Muravchik, C.H. and Nehorai, A.},
  journal={Biomedical Engineering, IEEE Transactions on},
  volume={52},
  number={7},
  pages={1210--1217},
  issn={0018-9294},
  year={2005},
  publisher={IEEE}
}
%
%%
@Article{Ellenriederetal2009,
  title={{On the EEG/MEG forward problem solution for distributed cortical sources}},
  author={von Ellenrieder, N. and Vald{\'e}s-Hern{\'a}ndez, P.A. and Muravchik, C.H.},
  journal={Medical and Biological Engineering and Computing},
  volume={47},
  number={10},
  pages={1083--1091},
  issn={0140-0118},
  year={2009},
  publisher={Springer}
}

%
%%Jirsaetal2002_SpatiotemporalForwardSolutionOfTheEEGandMEGUsingNetworkModeling.pdf
@Article{Jirsaetal2002ForwardSoution,
    author = {Viktor K. Jirsa and Kelly J. Jantzen and Armin Fuchs and J. A. Scott Kelso},
    title = {Spatiotemporal Forward Solution of the EEG and MEG Using Network Modeling},
    journal = {IEEE Transactions on Medical Imaging},
    year = {2002},
    volume = {21},
    pages = {493--504}
}
